% Encoding: UTF-8

@Article{torrence1998practical,
  author    = {Torrence, Christopher and Compo, Gilbert P},
  title     = {A practical guide to wavelet analysis},
  journal   = {Bulletin of the American Meteorological society},
  year      = {1998},
  volume    = {79},
  number    = {1},
  pages     = {61--78},
  publisher = {American Meteorological Society},
}

@Article{Smith1997,
  author    = {Smith, Steven W and others},
  title     = {The scientist and engineer's guide to digital signal processing},
  year      = {1997},
  publisher = {California Technical Pub. San Diego},
}

@Comment{jabref-meta: databaseType:bibtex;}
